%%   Stage bibliography
%% (public version of listb.bib)
% generated on: 


% Disclaimer:   This bibliography has its
% own idiosyncrasies.   For example, all titles
% are enclosed in double braces, thus ensuring that capitalization
% is maintained.    Also: even unpublished papers will be
% called "article".

% Example
% @article{Stage:1,
% author = {Shelah, Saharon},
% ams-subject = {(02.50)},
% journal = {Israel Journal of Mathematics},
% review = {MR 40-7102},
% pages = {187--202},
% title = {{Stable theories}},
% volume = {7},
% year = {1969},
% },


@article{fornes2014analysis,
  title={Analysis and Recognition of Music Scores},
  author={Forn{\'e}s, Alicia and S{\'a}nchez, Gemma},
  journal={Handbook of Document Image Processing and Recognition},
  pages={749--774},
  year={2014},
  publisher={Springer}
}

@article{rebelo2012optical,
  title={Optical music recognition: state-of-the-art and open issues},
  author={Rebelo, Ana and Fujinaga, Ichiro and Paszkiewicz, Filipe and Marcal, Andre RS and Guedes, Carlos and Cardoso, Jaime S},
  journal={International Journal of Multimedia Information Retrieval},
  volume={1},
  number={3},
  pages={173--190},
  year={2012},
  publisher={Springer}
}

@article{couasnon2001dmos,
  title={Dmos: A generic document recognition method, application to an automatic generator of musical scores, mathematical formulae and table structures recognition systems},
  author={Co{\"u}asnon, Bertrand},
  booktitle={Document Analysis and Recognition, 2001. Proceedings. Sixth International Conference on},
  pages={215--220},
  year={2001},
  organization={IEEE}
}

@inproceedings{graves2006connectionist,
  title={Connectionist temporal classification: labelling unsegmented sequence data with recurrent neural networks},
  author={Graves, Alex and Fern{\'a}ndez, Santiago and Gomez, Faustino and Schmidhuber, J{\"u}rgen},
  booktitle={Proceedings of the 23rd international conference on Machine learning},
  pages={369--376},
  year={2006},
  organization={ACM}
}

